@book{IELTS,
    title     = {IELTS Vocabulary 雅思词汇圣经},
    author    = {孙涛，梅晗},
    publisher = {群言出版社},
},
