@book{BlenderPythonAPI,
    title     = {The Blender Python API},
    author    = {Chris Conlan},
    year      = {2017},
    address   = {Bethesda, Maryland},
    publisher = {Apress},
},
@online{APIWebsite,
    title  = {Blender Python API Documentation},
    author = {},
    url    = {https://docs.blender.org/api/current/index.html},
},
@online{stackexchange,
    title  = {Stackexchange Website},
    author = {},
    url    = {https://blender.stackexchange.com/questions/},
},
@online{插件编写指南,
    title  = {Blender插件编写指南},
    author = {一花一世界，一叶一乾坤},
    url    = {https://www.cnblogs.com/yaoyu126/p/9319746.html},
},
@online{pythondocs,
    title  = {Python Documentation},
    author = {},
    url    = {https://docs.python.org/3/library/functions.html?highlight=dir#dir},
},
