@book{讯维网培训,
    title={讯维网笔记本维修远程培训第19期},
    author={月饼},
    address={深圳},
    publisher={讯维网},
    year={2012},
}
