@book{引用标签1,
    title     = {书籍名称},
    author    = {作者名称},
    year      = {2020},
    address   = {出版地名称},
    publisher = {出版社名称},
},
@online{引用标签2,
    title  = {网络资料名称},
    author = {作者名称},
    url    = {https://link.example},
},
@manual{引用标签3,
    title  = {手册名称},
    author = {作者名称},
}
