@online{Yarn手册,
    editor={Yarn社区},
    title={Yarn手册},
    year={2020},
    url={https://yarn.bootcss.com/docs/}
    },
@online{npm2yarn,
    editor={Yarn社区},
    title={从 npm 迁移到 yarn},
    year={2020},
    url={https://yarn.bootcss.com/docs/migrating-from-npm/}
    },
@online{NextTheme,
    editor={theme-next},
    title={hexo-theme-next},
    year={2020},
    url={https://github.com/theme-next/hexo-theme-next}
    },
@online{SetupHexo,
    editor={JackyRoc},
    title={我是如何利用Github Pages搭建起我的博客，细数一路的坑},
    year={2017},
    url={https://www.cnblogs.com/jackyroc/p/7681938.html}
    },
@online{feed,
    editor={hexojs},
    title={hexo-generator-feed},
    year={2020},
    url={https://github.com/hexojs/hexo-generator-feed}
    },
